%YAML 1.1
%TAG !u! tag:unity3d.com,2011:
--- !u!208 &5374654783573194175
NavMeshObstacle:
  m_ObjectHideFlags: 0
  m_CorrespondingSourceObject: {fileID: 0}
  m_PrefabInstance: {fileID: 0}
  m_PrefabAsset: {fileID: 0}
  m_GameObject: {fileID: 8466110869592743456}
  m_Enabled: 1
  serializedVersion: 3
  m_Shape: 1
  m_Extents: {x: 17.5, y: 2.5, z: 13.5}
  m_MoveThreshold: 0.1
  m_Carve: 1
  m_CarveOnlyStationary: 1
  m_Center: {x: -3, y: 1, z: -5}
  m_TimeToStationary: 0.5
--- !u!1 &8466110870857243705
GameObject:
  m_ObjectHideFlags: 0
  m_CorrespondingSourceObject: {fileID: 0}
  m_PrefabInstance: {fileID: 0}
  m_PrefabAsset: {fileID: 0}
  serializedVersion: 6
  m_Component:
  - component: {fileID: 8466110870857243704}
  - component: {fileID: 1653209077}
  - component: {fileID: 5320824745634700000}
  m_Layer: 0
  m_Name: "Caba\xF1a"
  m_TagString: Salida
  m_Icon: {fileID: 0}
  m_NavMeshLayer: 0
  m_StaticEditorFlags: 0
  m_IsActive: 1
--- !u!4 &8466110870857243704
Transform:
  m_ObjectHideFlags: 0
  m_CorrespondingSourceObject: {fileID: 0}
  m_PrefabInstance: {fileID: 0}
  m_PrefabAsset: {fileID: 0}
  m_GameObject: {fileID: 8466110870857243705}
  m_LocalRotation: {x: 0, y: 0, z: 0, w: 1}
  m_LocalPosition: {x: -2.8201218, y: 0.4, z: -3.1372352}
  m_LocalScale: {x: 1, y: 1, z: 1}
  m_Children:
  - {fileID: 8466110869592441344}
  m_Father: {fileID: 0}
  m_RootOrder: 0
  m_LocalEulerAnglesHint: {x: 0, y: 0, z: 0}
--- !u!114 &1653209077
MonoBehaviour:
  m_ObjectHideFlags: 0
  m_CorrespondingSourceObject: {fileID: 0}
  m_PrefabInstance: {fileID: 0}
  m_PrefabAsset: {fileID: 0}
  m_GameObject: {fileID: 8466110870857243705}
  m_Enabled: 1
  m_EditorHideFlags: 0
  m_Script: {fileID: 11500000, guid: 4e243dc3336d5434e95380bd11a5ce14, type: 3}
  m_Name: 
  m_EditorClassIdentifier: 
--- !u!65 &5320824745634700000
BoxCollider:
  m_ObjectHideFlags: 0
  m_CorrespondingSourceObject: {fileID: 0}
  m_PrefabInstance: {fileID: 0}
  m_PrefabAsset: {fileID: 0}
  m_GameObject: {fileID: 8466110870857243705}
  m_Material: {fileID: 0}
  m_IsTrigger: 1
  m_Enabled: 1
  serializedVersion: 2
  m_Size: {x: 5, y: 5, z: 5}
  m_Center: {x: 4, y: 4, z: 6}
--- !u!1001 &8466110869592840320
PrefabInstance:
  m_ObjectHideFlags: 0
  serializedVersion: 2
  m_Modification:
    m_TransformParent: {fileID: 8466110870857243704}
    m_Modifications:
    - target: {fileID: 100000, guid: 07f2f964a5711194aad58b84539d55b7, type: 3}
      propertyPath: m_Name
      value: "Caba\xF1a"
      objectReference: {fileID: 0}
    - target: {fileID: 400000, guid: 07f2f964a5711194aad58b84539d55b7, type: 3}
      propertyPath: m_LocalPosition.x
      value: 0
      objectReference: {fileID: 0}
    - target: {fileID: 400000, guid: 07f2f964a5711194aad58b84539d55b7, type: 3}
      propertyPath: m_LocalPosition.y
      value: 0
      objectReference: {fileID: 0}
    - target: {fileID: 400000, guid: 07f2f964a5711194aad58b84539d55b7, type: 3}
      propertyPath: m_LocalPosition.z
      value: 0
      objectReference: {fileID: 0}
    - target: {fileID: 400000, guid: 07f2f964a5711194aad58b84539d55b7, type: 3}
      propertyPath: m_LocalRotation.x
      value: 0
      objectReference: {fileID: 0}
    - target: {fileID: 400000, guid: 07f2f964a5711194aad58b84539d55b7, type: 3}
      propertyPath: m_LocalRotation.y
      value: 0
      objectReference: {fileID: 0}
    - target: {fileID: 400000, guid: 07f2f964a5711194aad58b84539d55b7, type: 3}
      propertyPath: m_LocalRotation.z
      value: 0
      objectReference: {fileID: 0}
    - target: {fileID: 400000, guid: 07f2f964a5711194aad58b84539d55b7, type: 3}
      propertyPath: m_LocalRotation.w
      value: 1
      objectReference: {fileID: 0}
    - target: {fileID: 400000, guid: 07f2f964a5711194aad58b84539d55b7, type: 3}
      propertyPath: m_RootOrder
      value: 0
      objectReference: {fileID: 0}
    - target: {fileID: 400000, guid: 07f2f964a5711194aad58b84539d55b7, type: 3}
      propertyPath: m_LocalEulerAnglesHint.x
      value: 0
      objectReference: {fileID: 0}
    - target: {fileID: 400000, guid: 07f2f964a5711194aad58b84539d55b7, type: 3}
      propertyPath: m_LocalEulerAnglesHint.y
      value: 0
      objectReference: {fileID: 0}
    - target: {fileID: 400000, guid: 07f2f964a5711194aad58b84539d55b7, type: 3}
      propertyPath: m_LocalEulerAnglesHint.z
      value: 0
      objectReference: {fileID: 0}
    - target: {fileID: 2300000, guid: 07f2f964a5711194aad58b84539d55b7, type: 3}
      propertyPath: m_Materials.Array.data[0]
      value: 
      objectReference: {fileID: 2100000, guid: e856a6f5d60a7c440ae3a87e0c0ba330, type: 2}
    - target: {fileID: 2300002, guid: 07f2f964a5711194aad58b84539d55b7, type: 3}
      propertyPath: m_Materials.Array.data[0]
      value: 
      objectReference: {fileID: 2100000, guid: e856a6f5d60a7c440ae3a87e0c0ba330, type: 2}
    - target: {fileID: 2300004, guid: 07f2f964a5711194aad58b84539d55b7, type: 3}
      propertyPath: m_Materials.Array.data[0]
      value: 
      objectReference: {fileID: 2100000, guid: e856a6f5d60a7c440ae3a87e0c0ba330, type: 2}
    - target: {fileID: 2300006, guid: 07f2f964a5711194aad58b84539d55b7, type: 3}
      propertyPath: m_Materials.Array.data[0]
      value: 
      objectReference: {fileID: 2100000, guid: e856a6f5d60a7c440ae3a87e0c0ba330, type: 2}
    - target: {fileID: 2300008, guid: 07f2f964a5711194aad58b84539d55b7, type: 3}
      propertyPath: m_Materials.Array.data[0]
      value: 
      objectReference: {fileID: 2100000, guid: e856a6f5d60a7c440ae3a87e0c0ba330, type: 2}
    - target: {fileID: 2300010, guid: 07f2f964a5711194aad58b84539d55b7, type: 3}
      propertyPath: m_Materials.Array.data[0]
      value: 
      objectReference: {fileID: 2100000, guid: e856a6f5d60a7c440ae3a87e0c0ba330, type: 2}
    - target: {fileID: 2300012, guid: 07f2f964a5711194aad58b84539d55b7, type: 3}
      propertyPath: m_Materials.Array.data[0]
      value: 
      objectReference: {fileID: 2100000, guid: e856a6f5d60a7c440ae3a87e0c0ba330, type: 2}
    - target: {fileID: 2300014, guid: 07f2f964a5711194aad58b84539d55b7, type: 3}
      propertyPath: m_Materials.Array.data[0]
      value: 
      objectReference: {fileID: 2100000, guid: e856a6f5d60a7c440ae3a87e0c0ba330, type: 2}
    - target: {fileID: 2300016, guid: 07f2f964a5711194aad58b84539d55b7, type: 3}
      propertyPath: m_Materials.Array.data[0]
      value: 
      objectReference: {fileID: 2100000, guid: e856a6f5d60a7c440ae3a87e0c0ba330, type: 2}
    - target: {fileID: 2300018, guid: 07f2f964a5711194aad58b84539d55b7, type: 3}
      propertyPath: m_Materials.Array.data[0]
      value: 
      objectReference: {fileID: 2100000, guid: e856a6f5d60a7c440ae3a87e0c0ba330, type: 2}
    - target: {fileID: 2300020, guid: 07f2f964a5711194aad58b84539d55b7, type: 3}
      propertyPath: m_Materials.Array.data[0]
      value: 
      objectReference: {fileID: 2100000, guid: e856a6f5d60a7c440ae3a87e0c0ba330, type: 2}
    - target: {fileID: 2300022, guid: 07f2f964a5711194aad58b84539d55b7, type: 3}
      propertyPath: m_Materials.Array.data[0]
      value: 
      objectReference: {fileID: 2100000, guid: e856a6f5d60a7c440ae3a87e0c0ba330, type: 2}
    - target: {fileID: 2300024, guid: 07f2f964a5711194aad58b84539d55b7, type: 3}
      propertyPath: m_Materials.Array.data[0]
      value: 
      objectReference: {fileID: 2100000, guid: e856a6f5d60a7c440ae3a87e0c0ba330, type: 2}
    - target: {fileID: 2300026, guid: 07f2f964a5711194aad58b84539d55b7, type: 3}
      propertyPath: m_Materials.Array.data[0]
      value: 
      objectReference: {fileID: 2100000, guid: e856a6f5d60a7c440ae3a87e0c0ba330, type: 2}
    - target: {fileID: 2300028, guid: 07f2f964a5711194aad58b84539d55b7, type: 3}
      propertyPath: m_Materials.Array.data[0]
      value: 
      objectReference: {fileID: 2100000, guid: e856a6f5d60a7c440ae3a87e0c0ba330, type: 2}
    - target: {fileID: 2300030, guid: 07f2f964a5711194aad58b84539d55b7, type: 3}
      propertyPath: m_Materials.Array.data[0]
      value: 
      objectReference: {fileID: 2100000, guid: e856a6f5d60a7c440ae3a87e0c0ba330, type: 2}
    - target: {fileID: 2300032, guid: 07f2f964a5711194aad58b84539d55b7, type: 3}
      propertyPath: m_Materials.Array.data[0]
      value: 
      objectReference: {fileID: 2100000, guid: e856a6f5d60a7c440ae3a87e0c0ba330, type: 2}
    - target: {fileID: 2300034, guid: 07f2f964a5711194aad58b84539d55b7, type: 3}
      propertyPath: m_Materials.Array.data[0]
      value: 
      objectReference: {fileID: 2100000, guid: e856a6f5d60a7c440ae3a87e0c0ba330, type: 2}
    - target: {fileID: 2300036, guid: 07f2f964a5711194aad58b84539d55b7, type: 3}
      propertyPath: m_Materials.Array.data[0]
      value: 
      objectReference: {fileID: 2100000, guid: e856a6f5d60a7c440ae3a87e0c0ba330, type: 2}
    - target: {fileID: 2300038, guid: 07f2f964a5711194aad58b84539d55b7, type: 3}
      propertyPath: m_Materials.Array.data[0]
      value: 
      objectReference: {fileID: 2100000, guid: e856a6f5d60a7c440ae3a87e0c0ba330, type: 2}
    - target: {fileID: 2300040, guid: 07f2f964a5711194aad58b84539d55b7, type: 3}
      propertyPath: m_Materials.Array.data[0]
      value: 
      objectReference: {fileID: 2100000, guid: e856a6f5d60a7c440ae3a87e0c0ba330, type: 2}
    - target: {fileID: 2300042, guid: 07f2f964a5711194aad58b84539d55b7, type: 3}
      propertyPath: m_Materials.Array.data[0]
      value: 
      objectReference: {fileID: 2100000, guid: e856a6f5d60a7c440ae3a87e0c0ba330, type: 2}
    m_RemovedComponents: []
  m_SourcePrefab: {fileID: 100100000, guid: 07f2f964a5711194aad58b84539d55b7, type: 3}
--- !u!1 &8466110869592743456 stripped
GameObject:
  m_CorrespondingSourceObject: {fileID: 100000, guid: 07f2f964a5711194aad58b84539d55b7,
    type: 3}
  m_PrefabInstance: {fileID: 8466110869592840320}
  m_PrefabAsset: {fileID: 0}
--- !u!4 &8466110869592441344 stripped
Transform:
  m_CorrespondingSourceObject: {fileID: 400000, guid: 07f2f964a5711194aad58b84539d55b7,
    type: 3}
  m_PrefabInstance: {fileID: 8466110869592840320}
  m_PrefabAsset: {fileID: 0}
